<record><leader>00000cas a22000007a 4500</leader><controlfield tag="001">21982065</controlfield><controlfield tag="008">900709c19899999arudn ne      0    0eng d</controlfield><datafield ind1=" " ind2=" " tag="010"><subfield code="a">sn 90050241 </subfield></datafield><datafield ind1=" " ind2=" " tag="040"><subfield code="a">ANU</subfield><subfield code="b">eng</subfield><subfield code="c">ANU</subfield><subfield code="d">OCLCQ</subfield></datafield><datafield ind1=" " ind2=" " tag="042"><subfield code="a">msc</subfield></datafield><datafield ind1="0" ind2=" " tag="130"><subfield code="a">Stuttgart daily leader (Stuttgart, Ark. : 1989)</subfield></datafield><datafield ind1="1" ind2="4" tag="245"><subfield code="a">The Stuttgart daily leader.</subfield></datafield><datafield ind1=" " ind2=" " tag="260"><subfield code="a">Stuttgart, Ark. :</subfield><subfield code="b">Leader Pub. Co.</subfield></datafield><datafield ind1=" " ind2=" " tag="300"><subfield code="a">v.</subfield></datafield><datafield ind1=" " ind2=" " tag="310"><subfield code="a">Daily (except Saturday and Sunday)</subfield></datafield><datafield ind1="0" ind2=" " tag="362"><subfield code="a">Vol. 105-60 (Nov. 6, 1989)-</subfield></datafield><datafield ind1=" " ind2=" " tag="752"><subfield code="a">United States</subfield><subfield code="b">Arkansas</subfield><subfield code="c">Arkansas</subfield><subfield code="d">Stuttgart.</subfield></datafield><datafield ind1="0" ind2="0" tag="780"><subfield code="t">Daily leader (Stuttgart, Ark. : 1982)</subfield><subfield code="w">(DLC)sn 90050235</subfield></datafield></record>